<?xml version="1.0" encoding="UTF-8"?>
<collection>
   <record>
      <leader>01332cam a2200433Ma 4500</leader>
      <controlfield tag="001">9915539837307426</controlfield>
      <controlfield tag="005">20221102190142.0</controlfield>
      <controlfield tag="008">920626s1991    dcu           000 0 eng d</controlfield>
      <datafield tag="016" ind1="7" ind2=" ">
         <subfield code="a">CAT31108477</subfield>
         <subfield code="2">DNAL</subfield>
      </datafield>
      <datafield tag="035" ind1=" " ind2=" ">
         <subfield code="a">1108477</subfield>
      </datafield>
      <datafield tag="035" ind1=" " ind2=" ">
         <subfield code="a">(OCoLC)1289035096</subfield>
      </datafield>
      <datafield tag="035" ind1=" " ind2=" ">
         <subfield code="a">(DNAL)1108477-naldb-Voyager</subfield>
      </datafield>
      <datafield tag="040" ind1=" " ind2=" ">
         <subfield code="a">AGL</subfield>
         <subfield code="b">eng</subfield>
         <subfield code="c">AGL</subfield>
      </datafield>
      <datafield tag="049" ind1=" " ind2=" ">
         <subfield code="a">AGLL</subfield>
      </datafield>
      <datafield tag="070" ind1="0" ind2=" ">
         <subfield code="a">1</subfield>
         <subfield code="b">Ag84Pro no.596</subfield>
      </datafield>
      <datafield tag="072" ind1=" " ind2="0">
         <subfield code="a">L100</subfield>
      </datafield>
      <datafield tag="072" ind1=" " ind2="0">
         <subfield code="a">L833</subfield>
      </datafield>
      <datafield tag="245" ind1="0" ind2="0">
         <subfield code="a">African horse sickness: an old disease--a new menace.</subfield>
      </datafield>
      <datafield tag="260" ind1=" " ind2=" ">
         <subfield code="a">[Washington, D.C.] :</subfield>
         <subfield code="b">U.S. Dept. of Agriculture,</subfield>
         <subfield code="c">1991.</subfield>
      </datafield>
      <datafield tag="300" ind1=" " ind2=" ">
         <subfield code="a">8 p.</subfield>
      </datafield>
      <datafield tag="490" ind1="1" ind2=" ">
         <subfield code="a">Program aid ;</subfield>
         <subfield code="v">596</subfield>
      </datafield>
      <datafield tag="591" ind1=" " ind2=" ">
         <subfield code="b">NAL Reclamation</subfield>
      </datafield>
      <datafield tag="650" ind1=" " ind2="3">
         <subfield code="a">horses.</subfield>
      </datafield>
      <datafield tag="650" ind1=" " ind2="3">
         <subfield code="a">African horse sickness.</subfield>
      </datafield>
      <datafield tag="650" ind1=" " ind2="3">
         <subfield code="a">horse diseases.</subfield>
      </datafield>
      <datafield tag="650" ind1=" " ind2="3">
         <subfield code="a">disease control.</subfield>
      </datafield>
      <datafield tag="650" ind1=" " ind2="3">
         <subfield code="a">disease transmission.</subfield>
      </datafield>
      <datafield tag="710" ind1="1" ind2=" ">
         <subfield code="a">United States.</subfield>
         <subfield code="b">Department of Agriculture.</subfield>
      </datafield>
      <datafield tag="830" ind1=" " ind2="0">
         <subfield code="a">Program aid (United States. Department of Agriculture) ;</subfield>
         <subfield code="v">596.</subfield>
      </datafield>
      <datafield tag="852" ind1="7" ind2=" ">
         <subfield code="a">DNAL</subfield>
         <subfield code="b">stacks</subfield>
         <subfield code="h">1</subfield>
         <subfield code="i">Ag84Pro no.596</subfield>
         <subfield code="2">dnal</subfield>
      </datafield>
      <datafield tag="856" ind1="4" ind2="1">
         <subfield code="u">https://archive.org/details/CAT31108477</subfield>
      </datafield>
      <datafield tag="912" ind1=" " ind2=" ">
         <subfield code="a">nalcatalog</subfield>
      </datafield>
      <datafield tag="930" ind1=" " ind2=" ">
         <subfield code="a">20130502</subfield>
         <subfield code="b">20130607</subfield>
         <subfield code="c">00000000</subfield>
      </datafield>
      <datafield tag="939" ind1=" " ind2=" ">
         <subfield code="a">20121210</subfield>
         <subfield code="b">20130104</subfield>
         <subfield code="c">00000000</subfield>
      </datafield>
      <datafield tag="939" ind1=" " ind2=" ">
         <subfield code="a">00000000</subfield>
         <subfield code="b">19931102</subfield>
         <subfield code="c">00000000</subfield>
      </datafield>
      <datafield tag="946" ind1=" " ind2=" ">
         <subfield code="a">USDA</subfield>
      </datafield>
      <datafield tag="959" ind1=" " ind2=" ">
         <subfield code="c">2013/05/02</subfield>
         <subfield code="e">ssouder</subfield>
         <subfield code="g">ap</subfield>
      </datafield>
      <datafield tag="959" ind1=" " ind2=" ">
         <subfield code="c">2013/04/02</subfield>
         <subfield code="e">ssouder</subfield>
         <subfield code="g">ap</subfield>
      </datafield>
      <datafield tag="994" ind1=" " ind2=" ">
         <subfield code="a">92</subfield>
         <subfield code="b">AGL</subfield>
      </datafield>
   </record>
</collection>
